
<record>
  <controlfield tag="001">1221425</controlfield>
  <datafield tag="245" ind1=" " ind2=" ">
    <subfield code="a">Central heating radius of curvature correction (CHRoCC) for use in large scale gravitational wave interferometers</subfield>
  </datafield>
  <datafield tag="024" ind1="7" ind2=" ">
    <subfield code="2">DOI</subfield>
    <subfield code="a">10.1088/0264-9381/30/5/055017</subfield>
  </datafield>
  <datafield tag="035" ind1=" " ind2=" ">
    <subfield code="a">Accadia:2013xva</subfield>
    <subfield code="9">INSPIRETeX</subfield>
  </datafield>
  <datafield tag="035" ind1=" " ind2=" ">
    <subfield code="9">DESY</subfield>
    <subfield code="z">DA13-kp22h</subfield>
  </datafield>
</record>